@article{stonebraker1983application,
  title={Application of abstract data types and abstract indices to CAD bases},
  author={Stonebraker, M and Rubenstein, B and Guttman, A},
  journal={IEEE Trans, on Software Engineering},
  year={1983}
}

@inproceedings{Guttman:1984:RDI:602259.602266,
 author = {Guttman, Antonin},
 title = {R-trees: A Dynamic Index Structure for Spatial Searching},
 booktitle = {Proceedings of the 1984 ACM SIGMOD International Conference on Management of Data},
 series = {SIGMOD '84},
 year = {1984},
 isbn = {0-89791-128-8},
 location = {Boston, Massachusetts},
 pages = {47--57},
 numpages = {11},
 url = {http://doi.acm.org/10.1145/602259.602266},
 doi = {10.1145/602259.602266},
 acmid = {602266},
 publisher = {ACM},
 address = {New York, NY, USA},
} 

@article{ong1983implementation,
  title={Implementation of data abstraction in the relational database system ingres},
  author={Ong, James and Fogg, Dennis and Stonebraker, Michael},
  journal={ACM Sigmod Record},
  volume={14},
  number={1},
  pages={1--14},
  year={1983},
  publisher={ACM}
}


@inproceedings{Stonebraker:1986:DP:16894.16888,
 author = {Stonebraker, Michael and Rowe, Lawrence A.},
 title = {The Design of POSTGRES},
 booktitle = {Proceedings of the 1986 ACM SIGMOD International Conference on Management of Data},
 series = {SIGMOD '86},
 year = {1986},
 isbn = {0-89791-191-1},
 location = {Washington, D.C., USA},
 pages = {340--355},
 numpages = {16},
 url = {http://doi.acm.org/10.1145/16894.16888},
 doi = {10.1145/16894.16888},
 acmid = {16888},
 publisher = {ACM},
 address = {New York, NY, USA},
} 

@article{Stonebraker:1991:PNG:125223.125262,
 author = {Stonebraker, Michael and Kemnitz, Greg},
 title = {The POSTGRES Next Generation Database Management System},
 journal = {Commun. ACM},
 issue_date = {Oct. 1991},
 volume = {34},
 number = {10},
 month = oct,
 year = {1991},
 issn = {0001-0782},
 pages = {78--92},
 numpages = {15},
 url = {http://doi.acm.org/10.1145/125223.125262},
 doi = {10.1145/125223.125262},
 acmid = {125262},
 publisher = {ACM},
 address = {New York, NY, USA},
 keywords = {Extended relational database management systems, POSTGRES},
} 

@inproceedings{Stonebraker:1984:QDT:602259.602287,
 author = {Stonebraker, Michael and Anderson, Erika and Hanson, Eric and Rubenstein, Brad},
 title = {QUEL As a Data Type},
 booktitle = {Proceedings of the 1984 ACM SIGMOD International Conference on Management of Data},
 series = {SIGMOD '84},
 year = {1984},
 isbn = {0-89791-128-8},
 location = {Boston, Massachusetts},
 pages = {208--214},
 numpages = {7},
 url = {http://doi.acm.org/10.1145/602259.602287},
 doi = {10.1145/602259.602287},
 acmid = {602287},
 publisher = {ACM},
 address = {New York, NY, USA},
} 

@article{dewitt2008mapreduce,
  title={MapReduce: A major step backwards},
  author={DeWitt, David and Stonebraker, Michael},
  journal={The Database Column},
  volume={1},
  pages={23},
  year={2008}
}

@inproceedings{Hellerstein:1995:GST:645921.673145,
 author = {Hellerstein, Joseph M. and Naughton, Jeffrey F. and Pfeffer, Avi},
 title = {Generalized Search Trees for Database Systems},
 booktitle = {Proceedings of the 21th International Conference on Very Large Data Bases},
 series = {VLDB '95},
 year = {1995},
 isbn = {1-55860-379-4},
 pages = {562--573},
 numpages = {12},
 url = {http://dl.acm.org/citation.cfm?id=645921.673145},
 acmid = {673145},
 publisher = {Morgan Kaufmann Publishers Inc.},
 address = {San Francisco, CA, USA},
} 


@article{Hellerstein:2002:MIB:505241.505244,
 author = {Hellerstein, Joseph M. and Koutsoupias, Elias and Miranker, Daniel P. and Papadimitriou, Christos H. and Samoladas, Vasilis},
 title = {On a Model of Indexability and Its Bounds for Range Queries},
 journal = {J. ACM},
 issue_date = {January 2002},
 volume = {49},
 number = {1},
 month = jan,
 year = {2002},
 issn = {0004-5411},
 pages = {35--55},
 numpages = {21},
 url = {http://doi.acm.org/10.1145/505241.505244},
 doi = {10.1145/505241.505244},
 acmid = {505244},
 publisher = {ACM},
 address = {New York, NY, USA},
 keywords = {Database, index, indexability, lower bounds, multidimensional, query, redundancy},
} 


@inproceedings{Kornacker:1997:CRG:253260.253272,
 author = {Kornacker, Marcel and Mohan, C. and Hellerstein, Joseph M.},
 title = {Concurrency and Recovery in Generalized Search Trees},
 booktitle = {Proceedings of the 1997 ACM SIGMOD International Conference on Management of Data},
 series = {SIGMOD '97},
 year = {1997},
 isbn = {0-89791-911-4},
 location = {Tucson, Arizona, USA},
 pages = {62--72},
 numpages = {11},
 url = {http://doi.acm.org/10.1145/253260.253272},
 doi = {10.1145/253260.253272},
 acmid = {253272},
 publisher = {ACM},
 address = {New York, NY, USA},
} 

@inproceedings{Stonebraker:1987:DPS:645914.671639,
 author = {Stonebraker, Michael},
 title = {The Design of the POSTGRES Storage System},
 booktitle = {Proceedings of the 13th International Conference on Very Large Data Bases},
 series = {VLDB '87},
 year = {1987},
 isbn = {0-934613-46-X},
 pages = {289--300},
 numpages = {12},
 url = {http://dl.acm.org/citation.cfm?id=645914.671639},
 acmid = {671639},
 publisher = {Morgan Kaufmann Publishers Inc.},
 address = {San Francisco, CA, USA},
} 

@article{stonebraker1995overview,
  title={An overview of the Sequoia 2000 project},
  author={Stonebraker, Michael},
  journal={Digital Technical Journal},
  volume={7},
  number={3},
  pages={39--49},
  year={1995}
}

@inproceedings{inversion,
author= "Olson, Michael A.",
year=1993,
title="The Design and Implementation of the Inversion File System"
booktitle="{USENIX} Winter, 1993",
location={San Diego, CA, USA}
}

@article{stonebraker1986case,
  title={The case for shared nothing},
  author={Stonebraker, Michael},
  journal={IEEE Database Eng. Bull.},
  volume={9},
  number={1},
  pages={4--9},
  year={1986},
  publisher={Citeseer}
}

@misc{stonebrakerturing,
author="Michael Stonebraker",
title="The Land Sharks are on the Squawk Box",
year=2014,
note="\url{https://www.acm.org/turing-lecture-stonebraker}  (Last accessed January 4, 2019)"
}

@misc{dbengines,
title="{DB-Engines} Ranking",
author = "DB-Engines",
year = 2019,
note="\url{https://db-engines.com/en/ranking}. (Last accessed January 4, 2019)"
}

@misc{dbengines-methodology,
	title="Method of calculating the scores of the {DB-Engines} Ranking",
	author="DB-Engines",
	year=2019,
	note="\url{https://db-engines.com/en/ranking\_definition} (Last accessed January 4, 2019)"
}

@misc{dbengines-dbms-of-the-year,
	author="DB-Engines",
	title="{PostgreSQL} is the {DBMS} of the Year 2018",
	booktitle="DB Engines blog", 
	month=jan,
	day=2,
	year=2019,
	note="\url{https://db-engines.com/en/blog\_post/79} (Last accessed January 4, 2019)"
}

@inproceedings{illustra,
author="John Monroe",
title="Informix acquires Illustra for complex data management",
booktitle="Federal Computer Week", 
month=jan,
day=7, 
year=1996,
note="\url{https://fcw.com/Articles/1996/01/07/Informix-acquires-Illustra-for-complex-data-management.aspx}. (Last accessed January 22, 2018)}"
}

@misc{netezza,
title="{IBM} to Acquire {Netezza}",
key="IBM",
year=2010,
note="\url{http://www-03.ibm.com/press/us/en/pressrelease/32514.wss#release} (Last accessed January 22, 2018)",
month=sep,
day=20,
}

@inproceedings{greenplum,
title="{Big Data = Big Money: EMC Buys Greenplum}", 
author="Om Malik",
booktitle="GigaOm", 
month=jul,
day=6, 
year=2010,
note="https://gigaom.com/2010/07/06/emc-buys-greenplum/" (Last accessed January 22, 2018)}

@inproceedings{aster,
author="Erick Shonfeld",
title="Big Pay Day For Big Data. Teradata Buys Aster Data For \$263 Million",
booktitle="TechCrunch", 
month=may,
day=3, 
year=2011, 
note="\url{https://techcrunch.com/2011/03/03/teradata-buys-aster-data-263-million/} (Last accessed January 22, 2018)"
}

@book{stonebrakerbook,
title="Making Databases Work",
editor="Michael L. Brodie",
publisher="Morgan \& Claypool",
year=2019,
isbn=9781947487161
}

@misc{brooks1975mythical,
  title={The mythical man-month},
  author={Brooks, Frederick P},
  year={1975},
  publisher={Addison-Wesley Reading, MA}
}

@article{stonebraker1976design,
  title={The design and implementation of INGRES},
  author={Stonebraker, Michael and Held, Gerald and Wong, Eugene and Kreps, Peter},
  journal={ACM Transactions on Database Systems (TODS)},
  volume={1},
  number={3},
  pages={189--222},
  year={1976},
  publisher={ACM}
}

@article{hellerstein2012madlib,
  title={The {MADlib} analytics library: or {MAD} skills, the {SQL}},
  author={Hellerstein, Joseph M and R{\'e}, Christoper and Schoppmann, Florian and Wang, Daisy Zhe and Fratkin, Eugene and Gorajek, Aleksander and Ng, Kee Siong and Welton, Caleb and Feng, Xixuan and Li, Kun and others},
  journal={Proceedings of the VLDB Endowment},
  volume={5},
  number={12},
  pages={1700--1711},
  year={2012},
  publisher={VLDB Endowment}
}